@book{AHNERT2023,
  editor     = {},
  title      = {},
  publisher  = {},
  address    = {},
  year       = {},
  copyright  = {},
  isbn       = {},
  pages      = {},
  doi        = {},
  typeset    = {},
  typesetter = {}
}

@manual{DISPLAY23USERGUIDE,
  title  = {},
  author = {},
  url    = {f},
  note   = {Megnyitva: }
}

